<?xml version="1.0" encoding="UTF-8"?><collection xmlns="http://www.loc.gov/MARC21/slim"><record><leader>00437nam--2200133-i-4500</leader><controlfield tag="001">000017070</controlfield><controlfield tag="002">20161230</controlfield><controlfield tag="005">20161230201032</controlfield><controlfield tag="008">060222s1000------------r-----000-0-eng-d</controlfield><datafield ind1=" " ind2=" " tag="080"><subfield code="a">530.145:531.5(043)</subfield></datafield><datafield ind1=" " ind2=" " tag="100"><subfield code="a">Beciu, M</subfield></datafield><datafield ind1=" " ind2=" " tag="245"><subfield code="a">Contributii la teoria clasica si cuantica a ci mpurilor in interactiune pe spatii curbate sub actiunea gravitatiei. teza</subfield></datafield><datafield ind1=" " ind2=" " tag="260"><subfield code="a">Bucuresti, Insstitutul De Fizica Atomica, 1992 103 P</subfield></datafield><datafield ind1=" " ind2=" " tag="852"><subfield code="a">79905</subfield></datafield></record></collection>